<record><leader>00000cas a2200000   4500</leader><controlfield tag="001">4053375</controlfield><controlfield tag="008">780714c19uu9999txuwn ne      0   a0eng d</controlfield><datafield ind1=" " ind2=" " tag="010"><subfield code="a">sn 78000627 </subfield></datafield><datafield ind1=" " ind2=" " tag="040"><subfield code="a">HUL</subfield><subfield code="b">eng</subfield><subfield code="c">HUL</subfield><subfield code="d">NSD</subfield><subfield code="d">PPM</subfield><subfield code="d">OCL</subfield><subfield code="d">OCLCQ</subfield><subfield code="d">OCLCO</subfield></datafield><datafield ind1=" " ind2=" " tag="012"><subfield code="k">1</subfield><subfield code="l">1</subfield><subfield code="m">1</subfield></datafield><datafield ind1="1" ind2=" " tag="022"><subfield code="a">0025-8709</subfield><subfield code="l">0025-8709</subfield><subfield code="2">1</subfield></datafield><datafield ind1="1" ind2=" " tag="029"><subfield code="a">AU@</subfield><subfield code="b">000025817252</subfield></datafield><datafield ind1=" " ind2=" " tag="032"><subfield code="a">338100</subfield><subfield code="b">USPS</subfield></datafield><datafield ind1=" " ind2=" " tag="042"><subfield code="a">nsdp</subfield></datafield><datafield ind1=" " ind2="4" tag="222"><subfield code="a">The Megaphone</subfield><subfield code="b">(Georgetown)</subfield></datafield><datafield ind1="0" ind2="4" tag="245"><subfield code="a">The Megaphone.</subfield></datafield><datafield ind1=" " ind2=" " tag="260"><subfield code="a">Georgetown, Tex. :</subfield><subfield code="b">Student's Association of Southwestern University.</subfield></datafield><datafield ind1=" " ind2=" " tag="300"><subfield code="a">v.</subfield></datafield><datafield ind1=" " ind2=" " tag="310"><subfield code="a">Weekly (during the school year except during official recess)</subfield></datafield><datafield ind1=" " ind2=" " tag="588"><subfield code="a">Description based on: Vol. 8, no. 11 (Dec. 11, 1914).</subfield></datafield><datafield ind1="2" ind2=" " tag="710"><subfield code="a">Southwestern University (Georgetown, Tex.).</subfield><subfield code="b">Editorial Board.</subfield></datafield><datafield ind1=" " ind2=" " tag="752"><subfield code="a">United States</subfield><subfield code="b">Texas</subfield><subfield code="c">Williamson</subfield><subfield code="d">Georgrtown.</subfield></datafield><datafield ind1=" " ind2=" " tag="936"><subfield code="a">INC</subfield><subfield code="a">April 27, 1978</subfield></datafield></record>